@article{Ji:2003ia,
      author         = "Ji, Xiang-dong and Li, Ying-chuan",
      title          = "{Sum rules and spin dependent polarizabilities of the
                        deuteron in effective field theory}",
      journal        = "Phys. Lett.",
      volume         = "B591",
      year           = "2004",
      pages          = "76-82",
      doi            = "10.1016/j.physletb.2004.04.020",
      eprint         = "nucl-th/0311035",
      archivePrefix  = "arXiv",
      primaryClass   = "nucl-th",
      reportNumber   = "DOE-ER-40762-299, UM-PP-04-008",
      SLACcitation   = "%%CITATION = NUCL-TH/0311035;%%"
}
@article{Hill:2012rh,
      author         = "Hill, Richard J. and Lee, Gabriel and Paz, Gil and Solon,
                        Mikhail P.",
      title          = "{NRQED Lagrangian at order $1/M^4$}",
      journal        = "Phys. Rev.",
      volume         = "D87",
      year           = "2013",
      pages          = "053017",
      doi            = "10.1103/PhysRevD.87.053017",
      eprint         = "1212.4508",
      archivePrefix  = "arXiv",
      primaryClass   = "hep-ph",
      reportNumber   = "EFI-PREPRINT-12-8",
      SLACcitation   = "%%CITATION = ARXIV:1212.4508;%%"
}
@article{Dye:2016uep,
      author         = "Dye, Steven P. and Gonderinger, Matthew and Paz, Gil",
      title          = "{Elements of QED-NRQED effective field theory: NLO
                        scattering at leading power}",
      journal        = "Phys. Rev.",
      volume         = "D94",
      year           = "2016",
      number         = "1",
      pages          = "013006",
      doi            = "10.1103/PhysRevD.94.013006",
      eprint         = "1602.07770",
      archivePrefix  = "arXiv",
      primaryClass   = "hep-ph",
      reportNumber   = "WSU-HEP-1601",
      SLACcitation   = "%%CITATION = ARXIV:1602.07770;%%"
}
@article{Carlson:2013xea,
    author = "Carlson, Carl E. and Gorchtein, Mikhail and Vanderhaeghen, Marc",
    title = "{Nuclear structure contribution to the Lamb shift in muonic deuterium}",
    eprint = "1311.6512",
    archivePrefix = "arXiv",
    primaryClass = "nucl-th",
    doi = "10.1103/PhysRevA.89.022504",
    journal = "Phys. Rev. A",
    volume = "89",
    number = "2",
    pages = "022504",
    year = "2014"
}
@article{Carlson:2011zd,
    author = "Carlson, Carl E. and Vanderhaeghen, Marc",
    title = "{Higher order proton structure corrections to the Lamb shift in muonic hydrogen}",
    eprint = "1101.5965",
    archivePrefix = "arXiv",
    primaryClass = "hep-ph",
    reportNumber = "MKPH-T-11-03",
    doi = "10.1103/PhysRevA.84.020102",
    journal = "Phys. Rev. A",
    volume = "84",
    pages = "020102",
    year = "2011"
}
@article{Birse:2012eb,
    author = "Birse, Michael C. and McGovern, Judith A.",
    title = "{Proton polarisability contribution to the Lamb shift in muonic hydrogen at fourth order in chiral perturbation theory}",
    eprint = "1206.3030",
    archivePrefix = "arXiv",
    primaryClass = "hep-ph",
    doi = "10.1140/epja/i2012-12120-8",
    journal = "Eur. Phys. J. A",
    volume = "48",
    pages = "120",
    year = "2012"
}

@article{Kaplan:1998xi,
    author = "Kaplan, David B. and Savage, Martin J. and Springer, Roxanne P. and Wise, Mark B.",
    title = "{An Effective field theory calculation of the parity violating asymmetry in (polarized)$np \to d\gamma$}",
    eprint = "nucl-th/9807081",
    archivePrefix = "arXiv",
    reportNumber = "NT-UW-98-19, CALT-68-2175, DUKE-TH-98-167, DOE-ER-40561-17",
    doi = "10.1016/S0370-2693(99)00032-5",
    journal = "Phys. Lett. B",
    volume = "449",
    pages = "1--5",
    year = "1999"
}

@article{Kaplan:1998sz,
    author = "Kaplan, David B. and Savage, Martin J. and Wise, Mark B.",
    title = "{A Perturbative calculation of the electromagnetic form-factors of the deuteron}",
    eprint = "nucl-th/9804032",
    archivePrefix = "arXiv",
    reportNumber = "DOE-ER-40561-2, NT-UW-98-04, CALT-68-2170",
    doi = "10.1103/PhysRevC.59.617",
    journal = "Phys. Rev. C",
    volume = "59",
    pages = "617--629",
    year = "1999"
}

@article{Kaplan:1998we,
    author = "Kaplan, David B. and Savage, Martin J. and Wise, Mark B.",
    title = "{Two nucleon systems from effective field theory}",
    eprint = "nucl-th/9802075",
    archivePrefix = "arXiv",
    reportNumber = "DOE-ER-40561-357, INT-98-00-5, NT-UW-98-08, CALT-68-2161",
    doi = "10.1016/S0550-3213(98)00440-4",
    journal = "Nucl. Phys. B",
    volume = "534",
    pages = "329--355",
    year = "1998"
}

@article{Kaplan:1998tg,
    author = "Kaplan, David B. and Savage, Martin J. and Wise, Mark B.",
    title = "{A New expansion for nucleon-nucleon interactions}",
    eprint = "nucl-th/9801034",
    archivePrefix = "arXiv",
    reportNumber = "DOE-ER-40561-352, INT-97-00-189, NT-UW-98-05, CALT-68-2155",
    doi = "10.1016/S0370-2693(98)00210-X",
    journal = "Phys. Lett. B",
    volume = "424",
    pages = "390--396",
    year = "1998"
}

@article{Kaplan:1996xu,
    author = "Kaplan, David B. and Savage, Martin J. and Wise, Mark B.",
    title = "{Nucleon - nucleon scattering from effective field theory}",
    eprint = "nucl-th/9605002",
    archivePrefix = "arXiv",
    reportNumber = "DOE-ER-40561-257, INT-96-00-125, UW-PT-96-06, CMU-HEP-96-06, DOE-ER-40862-117, CALT-68-2047",
    doi = "10.1016/0550-3213(96)00357-4",
    journal = "Nucl. Phys. B",
    volume = "478",
    pages = "629--659",
    year = "1996"
}

@article{Phillips:1999hh,
    author = "Phillips, Daniel R. and Rupak, Gautam and Savage, Martin J.",
    title = "{Improving the convergence of N N effective field theory}",
    eprint = "nucl-th/9908054",
    archivePrefix = "arXiv",
    reportNumber = "NT-UW-99-42, NT@UW-99-42",
    doi = "10.1016/S0370-2693(99)01496-3",
    journal = "Phys. Lett. B",
    volume = "473",
    pages = "209--218",
    year = "2000"
}

@article{Chen:1999vd,
    author = "Chen, Jiunn-Wei and Rupak, Gautam and Savage, Martin J.",
    title = "{Suppressed amplitudes in $np\to d\gamma$}",
    eprint = "nucl-th/9905002",
    archivePrefix = "arXiv",
    reportNumber = "NT-UW-99-20",
    doi = "10.1016/S0370-2693(99)01007-2",
    journal = "Phys. Lett. B",
    volume = "464",
    pages = "1--11",
    year = "1999"
}

@article{Chen:1999tn,
    author = "Chen, Jiunn-Wei and Rupak, Gautam and Savage, Martin J.",
    title = "{Nucleon-nucleon effective field theory without pions}",
    eprint = "nucl-th/9902056",
    archivePrefix = "arXiv",
    reportNumber = "NT-UW-99-14, JLAB-THY-99-50",
    doi = "10.1016/S0375-9474(99)00298-5",
    journal = "Nucl. Phys. A",
    volume = "653",
    pages = "386--412",
    year = "1999"
}

@article{Chen:1999bg,
    author = "Chen, Jiunn-Wei and Savage, Martin J.",
    title = "{$np\to d\gamma$ for big bang nucleosynthesis}",
    eprint = "nucl-th/9907042",
    archivePrefix = "arXiv",
    reportNumber = "NT-UW-99-35",
    doi = "10.1103/PhysRevC.60.065205",
    journal = "Phys. Rev. C",
    volume = "60",
    pages = "065205",
    year = "1999"
}

@article{Rupak:1999rk,
    author = "Rupak, Gautam",
    title = "{Precision calculation of $np\to d\gamma$ cross-section for big bang nucleosynthesis}",
    eprint = "nucl-th/9911018",
    archivePrefix = "arXiv",
    reportNumber = "NT-UW-99-54",
    doi = "10.1016/S0375-9474(00)00323-7",
    journal = "Nucl. Phys. A",
    volume = "678",
    pages = "405--423",
    year = "2000"
}

@article{Drechsel:2002ar,
      author         = "Drechsel, D. and Pasquini, B. and Vanderhaeghen, M.",
      title          = "{Dispersion relations in real and virtual Compton
                        scattering}",
      journal        = "Phys. Rept.",
      volume         = "378",
      year           = "2003",
      pages          = "99-205",
      doi            = "10.1016/S0370-1573(02)00636-1",
      eprint         = "hep-ph/0212124",
      archivePrefix  = "arXiv",
      primaryClass   = "hep-ph",
      SLACcitation   = "%%CITATION = HEP-PH/0212124;%%"
}

@article{Chen:1998vi,
    author = "Chen, Jiunn-Wei and Griesshammer, Harald W. and Savage, Martin J. and Springer, Roxanne P.",
    title = "{The Polarizability of the deuteron}",
    eprint = "nucl-th/9806080",
    archivePrefix = "arXiv",
    reportNumber = "NT-UW-98-16, DUKE-TH-98-163",
    doi = "10.1016/S0375-9474(98)80012-2",
    journal = "Nucl. Phys. A",
    volume = "644",
    pages = "221--234",
    year = "1998"
}

@article{Stoks:1994wp,
    author = "Stoks, V.G.J. and Klomp, R.A.M. and Terheggen, C.P.F. and de Swart, J.J.",
    title = "{Construction of high quality N N potential models}",
    eprint = "nucl-th/9406039",
    archivePrefix = "arXiv",
    reportNumber = "THEF-NYM-93-05",
    doi = "10.1103/PhysRevC.49.2950",
    journal = "Phys. Rev. C",
    volume = "49",
    pages = "2950--2962",
    year = "1994"
}

@article{Stoks:1993tb,
    author = "Stoks, V.G.J. and Klomp, R.A.M. and Rentmeester, M.C.M. and de Swart, J.J.",
    title = "{Partial wave analaysis of all nucleon-nucleon scattering data below 350-MeV}",
    doi = "10.1103/PhysRevC.48.792",
    journal = "Phys. Rev. C",
    volume = "48",
    pages = "792--815",
    year = "1993"
}

@article{Savage:1998ae,
    author = "Savage, Martin J. and Scaldeferri, Kevin A. and Wise, Mark B.",
    title = "{$np\to d\gamma$ in effective field theory}",
    eprint = "nucl-th/9811029",
    archivePrefix = "arXiv",
    reportNumber = "NT-UW-99-1, CALT-68-2201",
    doi = "10.1016/S0375-9474(99)00146-3",
    journal = "Nucl. Phys. A",
    volume = "652",
    pages = "273--286",
    year = "1999"
}

@article {Pohl669,
	author      = {Pohl, Randolf and others},
	title       = {Laser spectroscopy of muonic deuterium},
	volume      = {353},
	number      = {6300},
	pages       = {669--673},
	year        = {2016},
	doi         = {10.1126/science.aaf2468},
   journal     = {Science},
   publisher   = {American Association for the Advancement of Science},
   Url         = {http://science.sciencemag.org/content/353/6300/669}
}

@article{Abbott:2000ak,
      author         = "Abbott, D. and others",
      title          = "{Phenomenology of the deuteron electromagnetic
                        form-factors}",
      collaboration  = "JLAB t20",
      journal        = "Eur. Phys. J.",
      volume         = "A7",
      year           = "2000",
      pages          = "421-427",
      doi            = "10.1007/PL00013629",
      eprint         = "nucl-ex/0002003",
      archivePrefix  = "arXiv",
      primaryClass   = "nucl-ex",
      reportNumber   = "JLAB-PHY-00-30",
      SLACcitation   = "%%CITATION = NUCL-EX/0002003;%%"
}

@misc{Acharya:2020bxf,
    author = "Acharya, Bijaya and Lensky, Vadim and Bacca, Sonia and Gorchtein, Mikhail and Vanderhaeghen, Marc",
    title = "{Dispersive evaluation of the Lamb shift in muonic deuterium from chiral effective field theory}",
    eprint = "2010.11155",
    archivePrefix = "arXiv",
    primaryClass = "nucl-th",
    reportNumber = "MITP-20-059",
    month = "10",
    year = "2020"
}

@article{Gorchtein:2015eoa,
    author = "Gorchtein, Mikhail",
    title = "{New sum rule for the nuclear magnetic polarizability}",
    eprint = "1508.02509",
    archivePrefix = "arXiv",
    primaryClass = "nucl-th",
    doi = "10.1103/PhysRevLett.115.222503",
    journal = "Phys. Rev. Lett.",
    volume = "115",
    number = "22",
    pages = "222503",
    year = "2015"
}

@article{Alarcon:2020wjg,
    author = "Alarc\'on, Jose Manuel and Hagelstein, Franziska and Lensky, Vadim and Pascalutsa, Vladimir",
    title = "{Forward doubly-virtual Compton scattering off the nucleon in chiral perturbation theory: the subtraction function and moments of unpolarized structure functions}",
    eprint = "2005.09518",
    archivePrefix = "arXiv",
    primaryClass = "hep-ph",
    reportNumber = "MITP/20-032",
    doi = "10.1103/PhysRevD.102.014006",
    journal = "Phys. Rev. D",
    volume = "102",
    number = "1",
    pages = "014006",
    year = "2020"
}

@misc{Lensky:2018vdq,
    author = "Lensky, Vadim and Hagelstein, Franziska and Hiller Blin, Astrid and Pascalutsa, Vladimir",
    title = "{Comment on ''Measurement of the $Q^2$ Dependence of the Deuteron Spin Structure Function $g_1$ and its Moments at Low $Q^2$ with CLAS''}",
    eprint = "1806.03219",
    archivePrefix = "arXiv",
    primaryClass = "nucl-th",
    month = "6",
    year = "2018"
}

@article{Borah:2020gte,
    author = "Borah, Kaushik and Hill, Richard J. and Lee, Gabriel and Tomalak, Oleksandr",
    title = "{Parameterization and applications of the low-$Q^2$ nucleon vector form factors}",
    eprint = "2003.13640",
    archivePrefix = "arXiv",
    primaryClass = "hep-ph",
    reportNumber = "FERMILAB-PUB-20-124-T",
    doi = "10.1103/PhysRevD.102.074012",
    journal = "Phys. Rev. D",
    volume = "102",
    number = "7",
    pages = "074012",
    year = "2020"
}

	@article{Krauth:2015nja,
    author = "Krauth, Julian J. and Diepold, Marc and Franke, Beatrice and Antognini, Aldo and Kottmann, Franz and Pohl, Randolf",
    title = "{Theory of the n=2 levels in muonic deuterium}",
    eprint = "1506.01298",
    archivePrefix = "arXiv",
    primaryClass = "physics.atom-ph",
    doi = "10.1016/j.aop.2015.12.006",
    journal = "Annals Phys.",
    volume = "366",
    pages = "168--196",
    year = "2016"
}

@article{Epelbaum:2014sza,
    author = "Epelbaum, E. and Krebs, H. and Mei{\ss}ner, Ulf-G.",
    title = "{Precision nucleon-nucleon potential at fifth order in the chiral expansion}",
    eprint = "1412.4623",
    archivePrefix = "arXiv",
    primaryClass = "nucl-th",
    doi = "10.1103/PhysRevLett.115.122301",
    journal = "Phys. Rev. Lett.",
    volume = "115",
    number = "12",
    pages = "122301",
    year = "2015"
}

@article{Hernandez:2019zcm,
    author = "Hernandez, Oscar Javier and Ji, Chen and Bacca, Sonia and Barnea, Nir",
    title = "{Probing uncertainties of nuclear structure corrections in light muonic atoms}",
    eprint = "1909.05717",
    archivePrefix = "arXiv",
    primaryClass = "nucl-th",
    reportNumber = "MITP/19-068",
    doi = "10.1103/PhysRevC.100.064315",
    journal = "Phys. Rev. C",
    volume = "100",
    number = "6",
    pages = "064315",
    year = "2019"
}

@article{Hernandez:2017mof,
      author         = "Hernandez, O. J. and Ekström, A. and Nevo Dinur, N. and
                        Ji, C. and Bacca, S. and Barnea, N.",
      title          = "{The deuteron-radius puzzle is alive: A new analysis of
                        nuclear structure uncertainties}",
      journal        = "Phys. Lett.",
      volume         = "B778",
      year           = "2018",
      pages          = "377-383",
      doi            = "10.1016/j.physletb.2018.01.043",
      eprint         = "1711.01199",
      archivePrefix  = "arXiv",
      primaryClass   = "nucl-th",
      SLACcitation   = "%%CITATION = ARXIV:1711.01199;%%"
}

@article{Hernandez:2014pwa,
      author         = "Hernandez, O. J. and Ji, Chen and Bacca, S. and Nevo
                        Dinur, N. and Barnea, Nir",
      title          = "{Improved estimates of the nuclear structure corrections
                        in $\mu$D}",
      journal        = "Phys. Lett.",
      volume         = "B736",
      year           = "2014",
      pages          = "344-349",
      doi            = "10.1016/j.physletb.2014.07.039",
      eprint         = "1406.5230",
      archivePrefix  = "arXiv",
      primaryClass   = "nucl-th",
      SLACcitation   = "%%CITATION = ARXIV:1406.5230;%%"
}

@misc{Emmons:2020aov,
    author = "Emmons, Samuel B. and Ji, Chen and Platter, Lucas",
    title = "{Pionless Effective Field Theory Evaluation of Nuclear Polarizability in Muonic Deuterium}",
    eprint = "2009.08347",
    archivePrefix = "arXiv",
    primaryClass = "nucl-th",
    month = "9",
    year = "2020"
}


@article{Griesshammer:2000mi,
    author = "Griesshammer, Harald W. and Rupak, Gautam",
    title = "{Nucleon polarizabilities from Compton scattering on the deuteron}",
    eprint = "nucl-th/0012096",
    archivePrefix = "arXiv",
    reportNumber = "NT-UW-00-022, TRI-PP-00-62, TUM-T39-00-18",
    doi = "10.1016/S0370-2693(02)01238-8",
    journal = "Phys. Lett. B",
    volume = "529",
    pages = "57--64",
    year = "2002"
}

@article{Chen:2004wv,
    author = "Chen, Jiunn-Wei and Ji, Xiang-dong and Li, Ying-chuan",
    title = "{Deuteron Compton scattering in effective field theory and spin-independent nucleon polarizabilities}",
    eprint = "nucl-th/0408003",
    archivePrefix = "arXiv",
    reportNumber = "DOE-ER-40762-323, UM-PP-05-0008",
    doi = "10.1016/j.physletb.2005.06.001",
    journal = "Phys. Lett. B",
    volume = "620",
    pages = "33--41",
    year = "2005"
}

@article{Pachucki:2018yxe,
    author = "Pachucki, Krzysztof and Patk\'o\v{s}, Vojt\v{e}ch and Yerokhin, Vladimir A.",
    title = "{Three-photon exchange nuclear structure correction in hydrogenic systems}",
    eprint = "1803.10313",
    archivePrefix = "arXiv",
    primaryClass = "physics.atom-ph",
    doi = "10.1103/PhysRevA.97.062511",
    journal = "Phys. Rev. A",
    volume = "97",
    number = "6",
    pages = "062511",
    year = "2018"
}

@article{Pohl:2010zza,
    author = "Pohl, Randolf and others",
    title = "{The size of the proton}",
    doi = "10.1038/nature09250",
    journal = "Nature",
    volume = "466",
    pages = "213--216",
    year = "2010"
}
@article{Antognini:1900ns,
    author = "Antognini, Aldo and others",
    title = "{Proton Structure from the Measurement of $2S-2P$ Transition Frequencies of Muonic Hydrogen}",
    doi = "10.1126/science.1230016",
    journal = "Science",
    volume = "339",
    pages = "417--420",
    year = "2013"
}
@article{Hagelstein:2015egb,
    author = "Hagelstein, Franziska and Miskimen, Rory and Pascalutsa, Vladimir",
    title = "{Nucleon Polarizabilities: from Compton Scattering to Hydrogen Atom}",
    eprint = "1512.03765",
    archivePrefix = "arXiv",
    primaryClass = "nucl-th",
    reportNumber = "MITP-15-119",
    doi = "10.1016/j.ppnp.2015.12.001",
    journal = "Prog. Part. Nucl. Phys.",
    volume = "88",
    pages = "29--97",
    year = "2016"
}
@article{Pohl1:2016xoo,
    author = "Pohl, Randolf and others",
    collaboration = "CREMA",
    title = "{Laser spectroscopy of muonic deuterium}",
    doi = "10.1126/science.aaf2468",
    journal = "Science",
    volume = "353",
    number = "6300",
    pages = "669--673",
    year = "2016"
}
@article{Pachucki:2015uga,
    author = "Pachucki, Krzysztof and Wienczek, Albert",
    title = "{Nuclear structure effects in light muonic atoms}",
    eprint = "1501.07451",
    archivePrefix = "arXiv",
    primaryClass = "physics.atom-ph",
    doi = "10.1103/PhysRevA.91.040503",
    journal = "Phys. Rev. A",
    volume = "91",
    number = "4",
    pages = "040503",
    year = "2015"
}

@article{Pachucki:2011xr,
    author = "Pachucki, Krzysztof",
    title = "{Nuclear structure corrections in muonic deuterium}",
    eprint = "1102.3296",
    archivePrefix = "arXiv",
    primaryClass = "hep-ph",
    doi = "10.1103/PhysRevLett.106.193007",
    journal = "Phys. Rev. Lett.",
    volume = "106",
    pages = "193007",
    year = "2011"
}

@article{Friar:1977cf,
    author = "Friar, James Lewis",
    title = "{Nuclear Polarization Corrections in mu He-4 Atoms}",
    doi = "10.1103/PhysRevC.16.1540",
    journal = "Phys. Rev. C",
    volume = "16",
    pages = "1540--1548",
    year = "1977"
}

